@article{greenwade93,
    author  = "George D. Greenwade",
    title   = "The {C}omprehensive {T}ex {A}rchive {N}etwork ({CTAN})",
    year    = "1993",
    journal = "TUGBoat",
    volume  = "14",
    number  = "3",
    pages   = "342--351"
}
@book{Griffiths:1492149,
      author        = "Griffiths, David J",
      title         = "{Introduction to electrodynamics; 4th ed.}",
      publisher     = "Pearson",
      address       = "Boston, MA",
      year          = "2013",
      url           = "https://cds.cern.ch/record/1492149",
      note          = "Re-published by Cambridge University Press in 2017",
}
@misc{AcLinMed,
author = {An√≥nimo},
title = {Acelerador lineal},
year = {20-02-2020},
howpublished = {\url{https://www.radiologyinfo.org/sp/info.cfm?pg=linac}},
note = {Accedido 07-12-2020}
}
